@article{Someauthor2013,
author = {J. Someauthor},
journal = {Some Journal},
month = dec,
number = {4},
title = {{A very good review}},
volume = {5},
year = {2013}
}